<record><leader>00000cas a22000007a 4500</leader><controlfield tag="001">10961521</controlfield><controlfield tag="008">840718c198u9999mnuwr ne      0   a0eng d</controlfield><datafield ind1=" " ind2=" " tag="010"><subfield code="a">sn 84008871 </subfield></datafield><datafield ind1=" " ind2=" " tag="040"><subfield code="a">NSD</subfield><subfield code="b">eng</subfield><subfield code="c">NSD</subfield><subfield code="d">OCLCQ</subfield></datafield><datafield ind1=" " ind2=" " tag="012"><subfield code="m">1</subfield></datafield><datafield ind1="1" ind2=" " tag="022"><subfield code="a">8750-0698</subfield><subfield code="l">8750-0698</subfield><subfield code="2">1</subfield></datafield><datafield ind1=" " ind2=" " tag="032"><subfield code="a">723630</subfield><subfield code="b">USPS</subfield></datafield><datafield ind1=" " ind2=" " tag="037"><subfield code="b">Prinsburg News, Prinsburg, MN 56281</subfield></datafield><datafield ind1=" " ind2=" " tag="042"><subfield code="a">nsdp</subfield></datafield><datafield ind1=" " ind2="0" tag="222"><subfield code="a">Prinsburg news</subfield></datafield><datafield ind1="0" ind2="0" tag="245"><subfield code="a">Prinsburg news.</subfield></datafield><datafield ind1="1" ind2="7" tag="246"><subfield code="a">Raymond-Prinsburg news</subfield></datafield><datafield ind1=" " ind2=" " tag="260"><subfield code="a">Prinsburg, MN :</subfield><subfield code="b">William H. Paterson</subfield></datafield><datafield ind1=" " ind2=" " tag="310"><subfield code="a">Weekly</subfield></datafield><datafield ind1=" " ind2=" " tag="588"><subfield code="a">Description based on: Vol. 1, no. 14.</subfield></datafield><datafield ind1="1" ind2=" " tag="777"><subfield code="t">Hornet hilites</subfield></datafield><datafield ind1=" " ind2=" " tag="936"><subfield code="a">Vol. 1, no. 14</subfield></datafield></record>